[38;2;249;38;114m@[0m[38;2;249;38;114mbook[0m[38;2;248;248;242m{[0m[38;2;166;226;46mknuth1997art[0m[38;2;248;248;242m,[0m
[38;2;248;248;242m  [0m[38;2;230;219;116mtitle[0m[38;2;248;248;242m=[0m[38;2;230;219;116m{[0m[38;2;230;219;116mThe art of computer programming[0m[38;2;230;219;116m}[0m[38;2;248;248;242m,[0m
[38;2;248;248;242m  [0m[38;2;230;219;116mauthor[0m[38;2;248;248;242m=[0m[38;2;230;219;116m{[0m[38;2;230;219;116mKnuth, Donald Ervin[0m[38;2;230;219;116m}[0m[38;2;248;248;242m,[0m
[38;2;248;248;242m  [0m[38;2;230;219;116mvolume[0m[38;2;248;248;242m=[0m[38;2;230;219;116m{[0m[38;2;230;219;116m3[0m[38;2;230;219;116m}[0m[38;2;248;248;242m,[0m
[38;2;248;248;242m  [0m[38;2;230;219;116myear[0m[38;2;248;248;242m=[0m[38;2;230;219;116m{[0m[38;2;230;219;116m1997[0m[38;2;230;219;116m}[0m[38;2;248;248;242m,[0m
[38;2;248;248;242m  [0m[38;2;230;219;116mpublisher[0m[38;2;248;248;242m=[0m[38;2;230;219;116m{[0m[38;2;230;219;116mPearson Education[0m[38;2;230;219;116m}[0m
[38;2;248;248;242m}[0m

[38;2;249;38;114m@[0m[38;2;249;38;114marticle[0m[38;2;248;248;242m{[0m[38;2;166;226;46megholm1993pna[0m[38;2;248;248;242m,[0m
[38;2;248;248;242m  [0m[38;2;230;219;116mtitle[0m[38;2;248;248;242m=[0m[38;2;230;219;116m{[0m[38;2;230;219;116mPNA hybridizes to complementary oligonucleotides obeying the Watson--Crick hydrogen-bonding rules[0m[38;2;230;219;116m}[0m[38;2;248;248;242m,[0m
[38;2;248;248;242m  [0m[38;2;230;219;116mauthor[0m[38;2;248;248;242m=[0m[38;2;230;219;116m{[0m[38;2;230;219;116mEgholm, Michael and Buchardt, Ole and Christensen, Leif and Behrens, Carsten and Freier, Susan M and Driver, David A and Berg, Rolf H and Kim, Seog K and Norden, Bengt and Nielsen, Peter E[0m[38;2;230;219;116m}[0m[38;2;248;248;242m,[0m
[38;2;248;248;242m  [0m[38;2;230;219;116mjournal[0m[38;2;248;248;242m=[0m[38;2;230;219;116m{[0m[38;2;230;219;116mNature[0m[38;2;230;219;116m}[0m[38;2;248;248;242m,[0m
[38;2;248;248;242m  [0m[38;2;230;219;116mvolume[0m[38;2;248;248;242m=[0m[38;2;230;219;116m{[0m[38;2;230;219;116m365[0m[38;2;230;219;116m}[0m[38;2;248;248;242m,[0m
[38;2;248;248;242m  [0m[38;2;230;219;116mnumber[0m[38;2;248;248;242m=[0m[38;2;230;219;116m{[0m[38;2;230;219;116m6446[0m[38;2;230;219;116m}[0m[38;2;248;248;242m,[0m
[38;2;248;248;242m  [0m[38;2;230;219;116mpages[0m[38;2;248;248;242m=[0m[38;2;230;219;116m{[0m[38;2;230;219;116m566--568[0m[38;2;230;219;116m}[0m[38;2;248;248;242m,[0m
[38;2;248;248;242m  [0m[38;2;230;219;116myear[0m[38;2;248;248;242m=[0m[38;2;230;219;116m{[0m[38;2;230;219;116m1993[0m[38;2;230;219;116m}[0m[38;2;248;248;242m,[0m
[38;2;248;248;242m  [0m[38;2;230;219;116mpublisher[0m[38;2;248;248;242m=[0m[38;2;230;219;116m{[0m[38;2;230;219;116mSpringer[0m[38;2;230;219;116m}[0m
[38;2;248;248;242m}[0m
